@inproceedings{rodriguez2007smartocracy,
  title={Smartocracy: Social networks for collective decision making},
  author={Rodriguez, Marko A and Steinbock, Daniel J and Watkins, Jennifer H and Gershenson, Carlos and Bollen, Johan and Grey, Victor and others},
  booktitle={System Sciences, 2007. HICSS 2007. 40th Annual Hawaii International Conference on},
  pages={90--90},
  year={2007},
  organization={IEEE}
}

@misc{ford2002delegative,
  title={Delegative democracy},
  author={Ford, Bryan},
  howpublished={\url{http://www.brynosaurus.com/deleg/deleg.pdf}},
  year={2002}
}

@article{yamakawa2007toward,
  title={Toward delegated democracy: Vote by yourself, or trust your network},
  author={Yamakawa, Hiroshi and Yoshida, Michiko and Tsuchiya, Motohiro},
  journal={International Journal of Human and Social Sciences},
  volume={1},
  number={2},
  pages={146--150},
  year={2007}
}

@article{dirnstorfer2010voting,
  title={A Voting System for Internet Based Democracy},
  author={Dirnstorfer, Stefan},
  journal={Available at SSRN 1679002},
  year={2010}
}

@inproceedings{andersen2008trust,
  title={Trust-based recommendation systems: an axiomatic approach},
  author={Andersen, Reid and Borgs, Christian and Chayes, Jennifer and Feige, Uriel and Flaxman, Abraham and Kalai, Adam and Mirrokni, Vahab and Tennenholtz, Moshe},
  booktitle={Proceedings of the 17th international conference on World Wide Web},
  pages={199--208},
  year={2008},
  organization={ACM}
}
